@misc{LinuxNet30:online,
author = {},
title = {Linux Network stack overview},
howpublished = {\url{http://www.strlen.de/talks/nfws2017_linux-network.pdf}},
month = {},
year = {},
note = {(Accessed on 01/05/2018)}
}
@misc{iptables77:online,
author = {},
title = {iptables - ArchWiki},
howpublished = {\url{https://wiki.archlinux.org/index.php/iptables}},
month = {},
year = {},
note = {(Accessed on 01/05/2018)}
}
@misc{Iptables99:online,
author = {},
title = {Iptables Tutorial 1.2.2},
howpublished = {\url{https://www.frozentux.net/iptables-tutorial/iptables-tutorial.html}},
month = {},
year = {},
note = {(Accessed on 01/05/2018)}
}
